<?xml version="1.0" encoding="UTF-8"?><collection xmlns="http://www.loc.gov/MARC21/slim"><record><leader>00399nam--2200145-i-4500</leader><controlfield tag="001">000043610</controlfield><controlfield tag="002">20161230</controlfield><controlfield tag="005">20161230201044</controlfield><controlfield tag="008">060222s1000------------r-----000-0-eng-d</controlfield><datafield ind1=" " ind2=" " tag="100"><subfield code="a">Stroker, J.J</subfield></datafield><datafield ind1=" " ind2=" " tag="245"><subfield code="a">Nonlinear vibrations in mechanical and electrical systems</subfield></datafield><datafield ind1=" " ind2=" " tag="260"><subfield code="a">New-york, Interscience Publ., Inc., 1950, Xix+273p</subfield></datafield><datafield ind1=" " ind2=" " tag="490"><subfield code="v">Vol.2</subfield></datafield><datafield ind1=" " ind2=" " tag="852"><subfield code="a">869</subfield></datafield><datafield ind1=" " ind2=" " tag="CAT"><subfield code="a">Sys</subfield><subfield code="c">20080401</subfield><subfield code="h">111938</subfield></datafield></record></collection>